
@ARTICLE{bowden2015,
  author = {Bowden, Jack and Davey Smith, George and Burgess, Stephen},
  title = {{Mendelian randomization with invalid instruments: effect estimation
	and bias detection through Egger regression}},
  journal = {International Journal of Epidemiology},
  year = {2015},
  volume = {44},
  pages = {512--525},
  number = {2}
}

@ARTICLE{bowden2011,
  author = {Bowden, J and Vansteelandt, S},
  title = {{Mendelian randomisation analysis of case-control data using structural
	mean models}},
  journal = {Statistics in Medicine},
  year = {2011},
  volume = {30},
  pages = {678--694},
  number = {6},
  doi = {10.1002/sim.4138},
  owner = {stephenb},
  timestamp = {2010.11.09}
}


@INBOOK{buonaccorsi2005,
  chapter = {{Fieller's theorem}},
  pages = {1951--1952},
  title = {{Encyclopedia of Biostatistics}},
  publisher = {Wiley},
  year = {2005},
  author = {Buonaccorsi, J.},
  owner = {stephenb},
  timestamp = {2011.02.11}
}


@ARTICLE{fieller1954,
  author = {Fieller, EC},
  title = {{Some problems in interval estimation}},
  journal = {Journal of the Royal Statistical Society: Series B (Statistical Methodology)},
  year = {1954},
  volume = {16},
  pages = {175--185},
  number = {2},
  owner = {stephenb},
  publisher = {Royal Statistical Society},
  timestamp = {2009.06.19}
}

@ARTICLE{greenland2000,
  author = {Greenland, S},
  title = {{An introduction to instrumental variables for epidemiologists}},
  journal = {International Journal of Epidemiology},
  year = {2000},
  volume = {29},
  pages = {722--729},
  number = {4},
  doi = {10.1093/ije/29.4.722},
  keywords = {PhD_B1},
  owner = {stephenb},
  timestamp = {2009.06.19}
}

@ARTICLE{greenland1999,
  author = {Greenland, S and Robins, JM and Pearl, J},
  title = {{Confounding and collapsibility in causal inference}},
  journal = {Statistical Science},
  year = {1999},
  volume = {14},
  pages = {29--46},
  number = {1},
  doi = {10.1214/ss/1009211805},
  issn = {08834237},
  owner = {stephenb},
  posted-at = {2009-02-13 02:02:43},
  priority = {2},
  publisher = {Institute of Mathematical Statistics},
  timestamp = {2009.06.19}
}

@ARTICLE{martens2006,
  author = {Martens, E.P. and Pestman, W.R. and de Boer, A. and Belitser, S.V.
	and Klungel, O.H.},
  title = {{Instrumental variables: application and limitations}},
  journal = {Epidemiology},
  year = {2006},
  volume = {17},
  pages = {260--267},
  number = {3},
  doi = {10.1097/01.ede.0000215160.88317.cb},
  file = {martens2006.pdf:martens2006.pdf:PDF},
  keywords = {PhD_B8}
}

@ARTICLE{lawlor2007,
  author = {Lawlor, DA and Harbord, RM and Sterne, JAC and Timpson, N and Davey
	Smith, G},
  title = {{Mendelian randomization: using genes as instruments for making causal
	inferences in epidemiology}},
  journal = {Statistics in Medicine},
  year = {2008},
  volume = {27},
  pages = {1133--1163},
  number = {8},
  doi = {10.1002/sim.3034},
  file = {lawlor2007.pdf:lawlor2007.pdf:PDF},
  keywords = {PhD_A3},
  owner = {stephenb},
  publisher = {John Wiley \& Sons, Ltd. Chichester, UK},
  timestamp = {2009.06.19}
}

@BOOK{burgess2015book,
  title = {{Mendelian randomization: methods for using genetic variants in causal
	estimation}},
  publisher = {Chapman \& Hall},
  year = {2015},
  author = {Burgess, Stephen and Thompson, Simon G},
  owner = {sb452},
  timestamp = {2015.07.06}
}

@article{burgess2015review,
  title={{A review of instrumental variable estimators for Mendelian randomization}},
  author={Burgess, Stephen and Small, Dylan S and Thompson, Simon G},
  journal={Statistical Methods in Medical Research},
  doi={10.1177/0962280215597579},
  year={2015},
  publisher={SAGE Publications}
}

@ARTICLE{burgess2012score,
  author = {Burgess, S AND Thompson, SG},
  title = {{Use of allele scores as instrumental variables for Mendelian randomization}},
  journal = {International Journal of Epidemiology},
  year = {2013},
  volume = {42},
  pages = {1134--1144},
  number = {4},
  doi = {10.1093/ije/dyt093},
  file = {burgess2012score.pdf:burgess2012score.pdf:PDF;:burgess2012scoremine.pdf:PDF},
  owner = {sb452},
  timestamp = {2012.10.19}
}

@ARTICLE{anderson1949,
  author = {Anderson, T.W. and Rubin, H.},
  title = {{Estimators of the parameters of a single equation in a complete
	set of stochastic equations}},
  journal = {Annals of Mathematical Statistics},
  year = {1949},
  volume = {21},
  pages = {570--582},
  number = {1},
  file = {anderson1949.pdf:anderson1949.pdf:PDF},
  owner = {stephenb},
  timestamp = {2010.06.14}
}

@ARTICLE{mikusheva2010,
  author = {Mikusheva, A.},
  title = {{Robust confidence sets in the presence of weak instruments}},
  journal = {Journal of Econometrics},
  year = {2010},
  volume = {157},
  pages = {236--247},
  number = {2},
  doi = {10.1016/j.jeconom.2009.12.003},
  publisher = {Elsevier}
}

@ARTICLE{didelez2007,
  author = {Didelez, V and Sheehan, N},
  title = {{Mendelian randomization as an instrumental variable approach to
	causal inference}},
  journal = {Statistical Methods in Medical Research},
  year = {2007},
  volume = {16},
  pages = {309--330},
  number = {4},
  doi = {10.1177/0962280206077743},
  owner = {stephenb},
  timestamp = {2009.06.19}
}

@ARTICLE{vansteelandt2010,
  author = {Vansteelandt, S. and Bowden, J. and Babanezhad, M. and Goetghebeur,
	E.},
  title = {{On instrumental variables estimation of causal odds ratios}},
  journal = {Statistical Science},
  year = {2011},
  volume = {26},
  pages = {403--422},
  number = {3},
  doi = {10.1214/11-sts360},
  timestamp = {2010.06.14}
}

@ARTICLE{burgess2012noncollapse,
  author = {Burgess, S AND {CHD CRP Genetics Collaboration}},
  title = {{Identifying the odds ratio estimated by a two-stage instrumental
	variable analysis with a logistic regression model}},
  journal = {Statistics in Medicine},
  year = {2013},
  volume = {32},
  pages = {4726--4747},
  number = {27},
  doi = {10.1002/sim.5871},
  owner = {sb452},
  timestamp = {2011.12.05}
}
